<?xml version="1.0" encoding="UTF-8"?><collection xmlns="http://www.loc.gov/MARC21/slim"><record><leader>00401nam--2200145-i-4500</leader><controlfield tag="001">000036132</controlfield><controlfield tag="002">20161230</controlfield><controlfield tag="005">20161230201040</controlfield><controlfield tag="008">060222s1000------------r-----000-0-eng-d</controlfield><datafield ind1=" " ind2=" " tag="080"><subfield code="a">537.533.3:539.165</subfield></datafield><datafield ind1=" " ind2=" " tag="100"><subfield code="a">Nilson, Sven Gosta</subfield></datafield><datafield ind1=" " ind2=" " tag="245"><subfield code="a">The motion of electrons in two combined magnetic fields</subfield></datafield><datafield ind1=" " ind2=" " tag="260"><subfield code="a">Stockholm, 1953. 23p</subfield></datafield><datafield ind1=" " ind2=" " tag="490"><subfield code="a">Kungl.Tekniska Hogskolons Handbingar</subfield></datafield><datafield ind1=" " ind2=" " tag="852"><subfield code="a">3274</subfield></datafield></record></collection>